@book{fitzmaurice2011,
  author = {Fitzmaurice, G. M., Laird, N. M., & Ware, J. H.},
  title = {Applied longitudinal analysis},
  year = {2011},
  publisher = {New York, Wiley},
  address = {USA},
  volume = {2},
  url = {https://onlinelibrary.wiley.com/doi/book/10.1002/9781119513469},
  doi = {10.1002/9781119513469}
}

@book{little19,
  author = {Roderick JA Little, Donald B. Rubin},
  title = {Statistical Analysis with Missing Data},
  year = {2019},
  publisher = {New York, Wiley},
  address = {USA},
  volume = {3},
  url = {https://onlinelibrary.wiley.com/doi/book/10.1002/9781119482260},
  doi = {10.1002/9781119482260}
}

@book{mallinckrodt2020,
  author = {Craig Mallinckrodt, Ilya Lipkovich},
  title = {Analyzing Longitudinal Clinical Trial Data: A Practical Guide},
  year = {2016},
  publisher = {Chapman and Hall/CRC},
  address = {USA},
  volume = {1},
  url = {https://doi.org/10.1201/9781315186634},
  doi = {10.1201/9781315186634}
}

@article{little2019,
	title = {Statistical Analysis with Missing Data, Third Edition},
	author = {Little, Roderick and Rubin, Donald},
	year = {2019},
	month = {04},
	date = {2019-04-12},
	journal = {Wiley Series in Probability and Statistics},
	doi = {10.1002/9781119482260},
	url = {http://dx.doi.org/10.1002/9781119482260}
}

@book{mallinckrodt2016,
	title = {Analyzing Longitudinal Clinical Trial Data},
	author = {Mallinckrodt, Craig},
	year = {2016},
	month = {12},
	date = {2016-12-12},
	publisher = {Chapman and Hall/CRC},
	doi = {10.1201/9781315186634},
	url = {http://dx.doi.org/10.1201/9781315186634},
	langid = {en}
}

@article{carpenter2013,
	title = {Analysis of longitudinal trials with protocol deviation: A framework for relevant, accessible assumptions, and inference via multiple imputation.},
	author = {Carpenter, J.R., Roger, J.H. and Kenward, M.G.},
	year = {2013},
	month = {10},
	date = {2013-10-18},
	journal = {Journal of Biopharmaceutical Statistics},
	doi = {10.1080/10543406.2013.834911},
	url = {https://doi.org/10.1080/10543406.2013.834911}
}
